<record><leader>00000cas a22000007a 4500</leader><controlfield tag="001">9235676</controlfield><controlfield tag="008">830218d18681959maudn ne      0    0eng d</controlfield><datafield ind1=" " ind2=" " tag="010"><subfield code="a">sn 83020043 </subfield></datafield><datafield ind1=" " ind2=" " tag="040"><subfield code="a">NPX</subfield><subfield code="b">eng</subfield><subfield code="c">NPX</subfield><subfield code="d">NPU</subfield><subfield code="d">DLC</subfield><subfield code="d">MGN</subfield><subfield code="d">IOD</subfield><subfield code="d">OCLCO</subfield></datafield><datafield ind1="1" ind2=" " tag="029"><subfield code="a">AU@</subfield><subfield code="b">000025787013</subfield></datafield><datafield ind1=" " ind2=" " tag="042"><subfield code="a">msc</subfield></datafield><datafield ind1="0" ind2="0" tag="050"><subfield code="a">Newspaper 8304</subfield></datafield><datafield ind1="0" ind2="0" tag="245"><subfield code="a">Lawrence daily eagle.</subfield></datafield><datafield ind1=" " ind2=" " tag="260"><subfield code="a">Lawrence, Mass. :</subfield><subfield code="b">Wadsworth &amp; Allen,</subfield></datafield><datafield ind1=" " ind2=" " tag="300"><subfield code="a">v.</subfield></datafield><datafield ind1=" " ind2=" " tag="310"><subfield code="a">Daily (except Sun.)</subfield></datafield><datafield ind1="0" ind2=" " tag="362"><subfield code="a">Vol. 1, no. 1 (July 20, 1868)-</subfield></datafield><datafield ind1="1" ind2=" " tag="362"><subfield code="a">Ceased Sept. 26, 1959?</subfield></datafield><datafield ind1=" " ind2=" " tag="580"><subfield code="a">Evening ed.: Evening tribune (Lawrence, Mass.), Apr. 12, 1890-</subfield></datafield><datafield ind1=" " ind2=" " tag="580"><subfield code="a">Weekly ed.: Essex weekly eagle, Jan. 6, 1872-1890.</subfield></datafield><datafield ind1=" " ind2="0" tag="650"><subfield code="a">Newspapers.</subfield></datafield><datafield ind1=" " ind2="0" tag="651"><subfield code="a">Massachusetts</subfield><subfield code="x">Newspapers</subfield><subfield code="z">Lawrence.</subfield></datafield><datafield ind1=" " ind2=" " tag="752"><subfield code="a">United States</subfield><subfield code="b">Massachusetts</subfield><subfield code="c">Essex</subfield><subfield code="d">Lawrence.</subfield></datafield><datafield ind1="1" ind2=" " tag="775"><subfield code="t">Evening tribune (Lawrence, Mass.)</subfield><subfield code="w">(DLC)sn 86071612</subfield></datafield><datafield ind1="1" ind2=" " tag="775"><subfield code="t">Essex weekly eagle</subfield><subfield code="w">(DLC)sn 83020041</subfield></datafield><datafield ind1="0" ind2="7" tag="785"><subfield code="t">Evening tribune (Lawrence, Mass.)</subfield><subfield code="w">(DLC)sn 86071612</subfield></datafield><datafield ind1="0" ind2="7" tag="785"><subfield code="t">Lawrence eagle-tribune</subfield><subfield code="w">(DLC)sn 86071610</subfield></datafield></record>